<?xml version="1.0" encoding="UTF-8"?><collection xmlns="http://www.loc.gov/MARC21/slim"><record><leader>00510nam--2200181-i-4500</leader><controlfield tag="001">000007450</controlfield><controlfield tag="002">20161230</controlfield><controlfield tag="005">20161230201027</controlfield><controlfield tag="008">060222s1000------------r-----000-0-eng-d</controlfield><datafield ind1=" " ind2=" " tag="040"><subfield code="a">IFIN-HH</subfield></datafield><datafield ind1=" " ind2=" " tag="080"><subfield code="a">519.283:681.3.06</subfield></datafield><datafield ind1="1" ind2=" " tag="100"><subfield code="a">Berge, Claude</subfield></datafield><datafield ind1="1" ind2="0" tag="245"><subfield code="a">Programming, games and transportation networks</subfield><subfield code="c">Claude berge, a. ghouila-houri</subfield></datafield><datafield ind1=" " ind2=" " tag="260"><subfield code="a">London</subfield><subfield code="b">Methuen And Co., Ltd</subfield><subfield code="c">1965</subfield></datafield><datafield ind1=" " ind2=" " tag="300"><subfield code="a">X + 260 P</subfield></datafield><datafield ind1="1" ind2=" " tag="700"><subfield code="a">Ghouila-houri, A</subfield></datafield><datafield ind1=" " ind2=" " tag="852"><subfield code="a">22462</subfield><subfield code="c">519.283</subfield></datafield><datafield ind1=" " ind2=" " tag="CAT"><subfield code="a">Sys</subfield><subfield code="c">20130807</subfield><subfield code="h">122514</subfield></datafield></record></collection>